% Bibliography
@book{Placeholder,
author = {Author 1, Author 2},
title = {Title},
year = {Year},
isbn = {ISBN},
publisher = {Publisher},
address = {Adress},
abstract = {\lipsum[1]},
pages = {1--3},
}
